@Manual{wmc,
title = {Terminology \& Glossary},
organization = {Workflow Management Coalition},
edition = {3.0},
month = {Februar},
year = {1999}
}

@book{schanze2002metzler,
  title={Metzler Lexikon Medientheorie, Medienwissenschaft: Ans{\"a}tze, Personen, Grundbegriffe},
  author={Schanze, H. and P{\"u}tz, S.},
  isbn={9783476017611},
  lccn={2003397199},
  url={http://books.google.de/books?id=QvAbAQAAIAAJ},
  year={2002},
  publisher={Metzler}
}
