@Manual{wmc,
    title = {Terminology \& Glossary},
    organization = {Workflow Management Coalition},
    edition = {3.0},
    month = {Februar},
    year = {1999}
}

@book{schanze2002metzler,
    title={Metzler Lexikon Medientheorie, Medienwissenschaft: Ans{\"a}tze, Personen, Grundbegriffe},
    author={Schanze, H. and P{\"u}tz, S.},
    isbn={9783476017611},
    lccn={2003397199},
    url={http://books.google.de/books?id=QvAbAQAAIAAJ},
    year={2002},
    publisher={Metzler}
}

@book{brown2010communicating,
  title={Communicating Design: Developing Web Site Documentation for Design and Planning},
  author={Brown, D.},
  isbn={9780321712462},
  series={Voices That Matter},
  url={http://books.google.de/books?id=suF5RAAACAAJ},
  year={2010},
  publisher={New Riders}
}

@book{cohn2004user,
    title={User Stories Applied: For Agile Software Development},
    author={Cohn, M.},
    isbn={9780321205681},
    lccn={2004043655},
    series={The Addison-Wesley Signature Series},
    url={http://books.google.de/books?id=SvIwuX4SVigC},
    year={2004},
    publisher={Addison-Wesley}
}

@book{butz2009medieninformatik,
    title={Medieninformatik: Eine Einf{\"u}hrung},
    author={Butz, A. and Malaka, R. and Hu{\ss}mann, H.},
    isbn={9783827373533},
    series={Pearson Studium},
    url={http://books.google.de/books?id=RSKuDzQb8A0C},
    year={2009},
    publisher={Pearson Studium}
}

@book{dunkel2008systemarchitekturen,
    title={Systemarchitekturen f{\"u}r Verteilte Anwendungen: Client-Server, Multi-Tier, SOA, Event Driven Architectures, P2P, Grid, Web 2.0},
    author={Dunkel, J. and Eberhart, A. and Fischer, S. and Kleiner, C. and Koschel, A.},
    isbn={9783446413214},
    url={http://books.google.de/books?id=601izhXEesIC},
    year={2008},
    publisher={Hanser Fachbuchverlag}
}

@book{maccaw2011javascript,
    title={JavaScript Web Applications},
    author={MacCaw, A.},
    isbn={9781449303518},
    series={O'Reilly Series},
    url={http://books.google.de/books?id=ymDsh5yOfpsC},
    year={2011},
    publisher={O'Reilly Media}
}

@book{schienmann2002kontinuierliches,
    title={Kontinuierliches Anforderungsmanagement: Prozesse- Techniken- Werkzeuge},
    author={Schienmann, B.},
    isbn={9783827317872},
    series={Programmer's Choice},
    url={http://books.google.de/books?id=lEizmps0x14C},
    year={2002},
    publisher={Addison-Wesley}
}

@ARTICLE{
	hn-web20,
	author={Howerton, J.T.},
	journal={IT Professional},
	title={{Service-Oriented Architecture and Web 2.0}},
	year={2007},
	month={Mai-Juni},
	volume={9},
	number={3},
	pages={62-64},
	keywords={Web 2.0;service-oriented architecture;software efficiency;Internet;software architecture;software development management;},
	doi={10.1109/MITP.2007.54},
	ISSN={1520-9202},
}

@book{freeman2009growing,
  title={Growing Object-Oriented Software, Guided by Tests},
  author={Freeman, S. and Pryce, N.},
  isbn={9780321503626},
  lccn={2009035239},
  series={Addison-Wesley signature series},
  url={http://books.google.de/books?id=QJA3dM8Uix0C},
  year={2009},
  publisher={Addison Wesley}
}

@inproceedings{rest,
    author = {Fielding, Roy T. and Taylor, Richard N.},
    title = {{Principled design of the modern Web architecture}},
    journal = {ACM Trans. Internet Technol.},
    issue_date = {May 2002},
    volume = {2},
    number = {2},
    month = may,
    year = {2002},
    issn = {1533-5399},
    pages = {115--150},
    numpages = {36},
    url = {http://doi.acm.org/10.1145/514183.514185},
    doi = {10.1145/514183.514185},
    acmid = {514185},
    publisher = {ACM},
    address = {New York, NY, USA},
    keywords = {Network-based applications, REST, World Wide Web},
}