@misc{adobeincopy,
    author = {{Adobe Systems Incorporated}},
    title = {{Professionelle Software für Redaktionen | Adobe InCopy CS5.5}},
    note = {\mbox{\url{http://l.tckr.cc/HMQNo8}} · Zugriff am 12. April 2012},
    keywords={online}
}
 
@misc{woodwing,
    author = {WoodWing},
    title = {{Wie funktioniert das? | WoodWing.com}},
    note = {\mbox{\url{http://l.tckr.cc/HJMWTI}} · Zugriff am 12. April 2012},
    keywords={online}
}
 
@misc{sharepoint-shared-documents,
    author = {Brett Hill},
    title = {{Check it out! Easily enable document version control in SharePoint Online}},
    note = {\mbox{\url{http://l.tckr.cc/IUMZQu}} · Zugriff am 13. April 2012},
    keywords={online}
}
 
@misc{coates2012phptemplating,
    author = {Sean Coates},
    title = {{PHP as a templating language}}, 
    note = {\mbox{\url{http://l.tckr.cc/KG5ZSR}} · Zugriff am 14. Mai 2012},
    keywords={online}
}

@misc{sharepoint-wordversions,
    author = {Microsoft Corporation},
    title = {{Zusammenarbeit an Dokumenten und gemeinsame Dokumenterstellung}}, 
    note = {\mbox{\url{http://l.tckr.cc/Ja5QX0}} · Zugriff am 17. April 2012},
    keywords={online}
}

@misc{ms-key-software-development-trends,
    author = {S. Somasegar, Corporate Vice President of the Developer Division at Microsoft Corporation},
    title = {{Key Software Development Trends}},
    note = {\mbox{\url{http://l.tckr.cc/II1jNz}} · Zugriff am 3. Mai 2012},
    keywords={online}
}

@misc{nielsen,
    author = {Jakob Nielsen},
    title = {10 heuristics for user interface design},
    note = {\mbox{\url{http://l.tckr.cc/IWoaFd}} · Zugriff am 10. Mai 2012},
    keywords={online}
}